@online {
	LdapFlags,
	title			= {B.2. Using ldapsearch},
	howpublished	= {https://www.centos.org/docs/5/html/CDS/ag/8.0/Finding\_Directory\_Entries-Using\_ldapsearch.html},
	note			= {Zuletzt besucht: 14.01.2016}
}

@online {
	StackoverflowAuthenticate,
	title			= {How do a LDAP search/authenticate},
	howpublished	= {http://stackoverflow.com/questions/2172831/how-do-a-ldap-search-authenticate-against-this-ldap-in-java},
	note			= {Zuletzt besucht: 14.01.2016}
}

@online {
	LDAP-CLT,
	title			= {LDAP Command-Line Tools},
	howpublished	= {https://docs.oracle.com/cd/B10501\_01/network.920/a96579/comtools.htm\#631224},
	note			= {Zuletzt besucht: 14.01.2016}
}